<?xml version="1.0" encoding="UTF-8"?><collection xmlns="http://www.loc.gov/MARC21/slim"><record><leader>00418nam--2200157-i-4500</leader><controlfield tag="001">000005289</controlfield><controlfield tag="002">20161230</controlfield><controlfield tag="005">20170210120629</controlfield><controlfield tag="008">060222s1000------------r-----000-0-eng-d</controlfield><datafield ind1=" " ind2=" " tag="100"><subfield code="a">Bragg, R. H</subfield></datafield><datafield ind1=" " ind2=" " tag="245"><subfield code="a">Effects of nuclear radiation on solid catalysts</subfield></datafield><datafield ind1=" " ind2=" " tag="260"><subfield code="a">Ohio,</subfield><subfield code="b">U.S.Air Force</subfield><subfield code="c">1959</subfield></datafield><datafield ind1=" " ind2=" " tag="300"><subfield code="a">69 p</subfield></datafield><datafield ind1=" " ind2=" " tag="490"><subfield code="a">Wadc Technical Report 59-286</subfield></datafield><datafield ind1=" " ind2=" " tag="500"><subfield code="a">Report 59-286</subfield></datafield><datafield ind1=" " ind2=" " tag="CAT"><subfield code="a">SYS</subfield><subfield code="c">20170210</subfield><subfield code="h">120629</subfield></datafield></record></collection>